
@article{Pan2024UnifyingLLMKG,
    title = {{Unifying large language models and knowledge graphs: A roadmap}},
    year = {2024},
    journal = {IEEE Transactions on Knowledge and Data Engineering},
    author = {Pan, S. and Luo, L. and Wang, Y. and Chen, C. and Wang, J. and Wu, X.},
    volume = {36},
    number = {7},
    pages = {3580-3599}
}


@inproceedings{talmor2018web,
  title={The Web as a Knowledge-Base for Answering Complex Questions},
  author={Talmor, Alon and Berant, Jonathan},
  booktitle={Proceedings of the 2018 Conference of the North American Chapter of the Association for Computational Linguistics: Human Language Technologies, Volume 1 (Long Papers)},
  pages={641--651},
  year={2018}
}
@inproceedings{zhang2017variational,
  title={Variational Reasoning for Question Answering with Knowledge Graph},
  author={Zhang, Yuyu and Dai, Hanjun and Kozareva, Zornitsa and Smola, Alexander J and Song, Le},
  booktitle={AAAI},
  year={2018}
}




@inproceedings{tang2024graphgpt,
  title={Graphgpt: Graph instruction tuning for large language models},
  author={Tang, Jiabin and Yang, Yuhao and Wei, Wei and Shi, Lei and Su, Lixin and Cheng, Suqi and Yin, Dawei and Huang, Chao},
  booktitle={Proceedings of the 47th International ACM SIGIR Conference on Research and Development in Information Retrieval},
  pages={491--500},
  year={2024}
}


@article{kau2024combining,
  title={Combining knowledge graphs and large language models},
  author={Kau, Amanda and He, Xuzeng and Nambissan, Aishwarya and Astudillo, Aland and Yin, Hui and Aryani, Amir},
  journal={arXiv preprint arXiv:2407.06564},
  year={2024}
}

@article{yao2019kg,
  title={KG-BERT: BERT for knowledge graph completion},
  author={Yao, Liang and Mao, Chengsheng and Luo, Yuan},
  journal={arXiv preprint arXiv:1909.03193},
  year={2019}
}

@article{yasunaga2022deep,
  title={Deep bidirectional language-knowledge graph pretraining},
  author={Yasunaga, Michihiro and Bosselut, Antoine and Ren, Hongyu and Zhang, Xikun and Manning, Christopher D and Liang, Percy S and Leskovec, Jure},
  journal={Advances in Neural Information Processing Systems},
  volume={35},
  pages={37309--37323},
  year={2022}
}


@article{kang2023knowledge,
  title={Knowledge graph-augmented language models for knowledge-grounded dialogue generation},
  author={Kang, Minki and Kwak, Jin Myung and Baek, Jinheon and Hwang, Sung Ju},
  journal={arXiv preprint arXiv:2305.18846},
  year={2023}
}

@article{wang2017knowledge,
  title={Knowledge graph embedding: A survey of approaches and applications},
  author={Wang, Quan and Mao, Zhendong and Wang, Bin and Guo, Li},
  journal={IEEE transactions on knowledge and data engineering},
  volume={29},
  number={12},
  pages={2724--2743},
  year={2017},
  publisher={IEEE}
}